<record xmlns="http://www.loc.gov/MARC21/slim">
   <leader>03289cam a2200421 i 4500</leader>
   <controlfield tag="001">6808303</controlfield>
   <controlfield tag="003">OCoLC</controlfield>
   <controlfield tag="005">20150203135511.0</controlfield>
   <controlfield tag="008">140204s2015    nyua     b    001 0 eng  </controlfield>
   <datafield ind1=" " ind2=" " tag="010">
      <subfield code="a">  2014004553</subfield>
   </datafield>
   <datafield ind1=" " ind2=" " tag="020">
      <subfield code="a">9780199947546</subfield>
      <subfield code="q">alk. paper</subfield>
   </datafield>
   <datafield ind1=" " ind2=" " tag="020">
      <subfield code="a">0199947546</subfield>
      <subfield code="q">alk. paper</subfield>
   </datafield>
   <datafield ind1="8" ind2=" " tag="024">
      <subfield code="a">40024121870</subfield>
   </datafield>
   <datafield ind1=" " ind2=" " tag="035">
      <subfield code="a">ocn870147854</subfield>
   </datafield>
   <datafield ind1=" " ind2=" " tag="040">
      <subfield code="a">DLC</subfield>
      <subfield code="b">eng</subfield>
      <subfield code="e">rda</subfield>
      <subfield code="c">DLC</subfield>
      <subfield code="d">YDX</subfield>
      <subfield code="d">OCLCF</subfield>
      <subfield code="d">YDXCP</subfield>
      <subfield code="d">YUS</subfield>
      <subfield code="d">OCLCQ</subfield>
      <subfield code="d">CAD</subfield>
      <subfield code="d">TOZ</subfield>
      <subfield code="d">UAB</subfield>
      <subfield code="d">AEU</subfield>
   </datafield>
   <datafield ind1=" " ind2=" " tag="042">
      <subfield code="a">pcc</subfield>
   </datafield>
   <datafield ind1=" " ind2=" " tag="043">
      <subfield code="a">n------</subfield>
   </datafield>
   <datafield ind1="0" ind2="0" tag="050">
      <subfield code="a">E98.A7</subfield>
      <subfield code="b">B47 2015</subfield>
   </datafield>
   <datafield ind1="0" ind2="0" tag="082">
      <subfield code="a">704.03/97</subfield>
      <subfield code="2">23</subfield>
   </datafield>
   <datafield ind1=" " ind2=" " tag="090">
      <subfield code="a">E 98 A7 B47 2015</subfield>
      <subfield code="b">AEU</subfield>
   </datafield>
   <datafield ind1=" " ind2=" " tag="090">
      <subfield code="a">E98 .A7 B47 2015</subfield>
      <subfield code="b">AEGMCT</subfield>
   </datafield>
   <datafield ind1="1" ind2=" " tag="100">
      <subfield code="a">Berlo, Janet Catherine,</subfield>
      <subfield code="e">author.</subfield>
   </datafield>
   <datafield ind1="1" ind2="0" tag="245">
      <subfield code="a">Native North American art /</subfield>
      <subfield code="c">Janet Catherine Berlo (University of Rochester), Ruth B. Phillips (Carleton University).</subfield>
   </datafield>
   <datafield ind1=" " ind2=" " tag="250">
      <subfield code="a">Second edition.</subfield>
   </datafield>
   <datafield ind1=" " ind2="1" tag="264">
      <subfield code="a">New York, New York :</subfield>
      <subfield code="b">Oxford University Press,</subfield>
      <subfield code="c">[2015]</subfield>
   </datafield>
   <datafield ind1=" " ind2=" " tag="300">
      <subfield code="a">xxix, 410 pages :</subfield>
      <subfield code="b">illustrations (chiefly color) ;</subfield>
      <subfield code="c">26 cm</subfield>
   </datafield>
   <datafield ind1=" " ind2=" " tag="336">
      <subfield code="a">text</subfield>
      <subfield code="b">txt</subfield>
      <subfield code="2">rdacontent</subfield>
   </datafield>
   <datafield ind1=" " ind2=" " tag="337">
      <subfield code="a">unmediated</subfield>
      <subfield code="b">n</subfield>
      <subfield code="2">rdamedia</subfield>
   </datafield>
   <datafield ind1=" " ind2=" " tag="338">
      <subfield code="a">volume</subfield>
      <subfield code="b">nc</subfield>
      <subfield code="2">rdacarrier</subfield>
   </datafield>
   <datafield ind1=" " ind2=" " tag="504">
      <subfield code="a">Includes bibliographical references and index.</subfield>
   </datafield>
   <datafield ind1="0" ind2=" " tag="505">
      <subfield code="a">1. An Introduction to the Indigenous Arts of North America -- Art history and Native Art: The Challenge of Inclusion -- Colonial Legacies -- Spiritual Practices and the Making of Art -- Social Practices and the Making of Art -- 2. The Southwest -- The Southwest as a Region -- The Ancient World: Anasazi, Mimbres, Hohokam -- From Late Precontact to the Colonial Era to the Modern Pueblos -- Navajo and Apache Arts -- 3. The East -- The East as a Region -- The Southeast: The Cataclysm of Contact -- The Northeast and the Great Lakes -- 4. The West -- The West as a Region -- Art of the Great Plains -- The Intermontaine Region-An Artistic Crossroads -- The Far West: Arts of California and the Great Basin -- 5. The North -- The North as a Region -- Arts of the Boreal Forests -- The Arctic -- Historic and Contemporary Arts of the Arctic -- Toward the Twenty-First Century in the North -- 6. The Northwest Coast -- The Northwest Coast as a Region -- The Development of Styles: Local Variations and Regional Continuities Across Time -- Contexts for Art: Power, Status, and Cross-Cultural Exchange -- Northwest Coast Art Since the Beginning of the Twentieth Century -- 7. Native Art From 1900-1980: Moderns and Modernists -- The Multiplicity of Modernisms -- Moderns and Modernists at the Mid-Century -- Artists and Activists in Canada: The 1970s and 1980s -- 8. Native Cosmopolitanisms: 1980 and Beyond -- The 1980s and the Rise of a Contemporary Native Art Movement -- Contemporary Art: Media, Expressive Modes, Artistic Choices -- Preeminent Issues in Native Art Since 1980 -- Conclusion: "Celebrate 40,000 Years of American Art" - But Be Vigilant.</subfield>
   </datafield>
   <datafield ind1=" " ind2=" " tag="596">
      <subfield code="a">29 43</subfield>
   </datafield>
   <datafield ind1=" " ind2="0" tag="650">
      <subfield code="a">Indian art</subfield>
      <subfield code="z">North America.</subfield>
   </datafield>
   <datafield ind1=" " ind2="0" tag="651">
      <subfield code="a">North America</subfield>
      <subfield code="x">Antiquities.</subfield>
   </datafield>
   <datafield ind1="1" ind2=" " tag="700">
      <subfield code="a">Phillips, Ruth B.</subfield>
      <subfield code="q">(Ruth Bliss),</subfield>
      <subfield code="d">1945-</subfield>
      <subfield code="e">author.</subfield>
   </datafield>
   <datafield ind1=" " ind2=" " tag="949">
      <subfield code="a">E 98 A7 B47 2015</subfield>
      <subfield code="h">UAHS-B</subfield>
      <subfield code="i">0162035240074</subfield>
   </datafield>
   <datafield ind1=" " ind2=" " tag="926">
      <subfield code="a">E 98 A7 B47 2015</subfield>
      <subfield code="w">LC</subfield>
      <subfield code="c">1</subfield>
      <subfield code="i">0162035240074</subfield>
      <subfield code="d">4/10/2017</subfield>
      <subfield code="e">4/10/2017</subfield>
      <subfield code="k">CHECKEDOUT</subfield>
      <subfield code="l">ON_SHELF</subfield>
      <subfield code="m">UAHSS</subfield>
      <subfield code="n">12</subfield>
      <subfield code="p">$150.00</subfield>
      <subfield code="r">M</subfield>
      <subfield code="s">Y</subfield>
      <subfield code="t">BOOK</subfield>
      <subfield code="u">2/19/2015</subfield>
   </datafield>
   <datafield ind1=" " ind2=" " tag="926">
      <subfield code="a">E98 .A7 B47 2015</subfield>
      <subfield code="w">LC</subfield>
      <subfield code="c">1</subfield>
      <subfield code="i">1007402686</subfield>
      <subfield code="d">8/5/2016</subfield>
      <subfield code="e">1/8/2016</subfield>
      <subfield code="l">ON_SHELF</subfield>
      <subfield code="m">GR_MACEWAN</subfield>
      <subfield code="p">$59.19</subfield>
      <subfield code="r">Y</subfield>
      <subfield code="s">Y</subfield>
      <subfield code="t">BOOK</subfield>
      <subfield code="u">3/11/2015</subfield>
   </datafield>
</record>
